@article{
    bib:Audet06,
    author = {Audet, Charles and Dennis, Jr., John Emory},
    title = {Mesh Adaptive Direct Search Algorithms for Constrained Optimization},
    journaltitle = {SIAM Journal on Optimization},
    year = {2006},
    volume = {17},
    number = {1},
    pages = {188-217},
    doi = {10.1137/040603371}
}

@online{
    bib:Blatter12,
    author = {Blatter, Christian},
    title = {Rigorous Definition of Positive Orientation of Curve in \ensuremath{\mathbb{R}^{n}}},
    date = {2012-10-22},
    howpublished = {Mathematics Stack Exchange},
    url = {https://math.stackexchange.com/questions/218849/rigorous-definition-of-positive-orientation-of-curve-in-mathbbrn},
    urldate = {2019-12-15}
}

@online{
    bib:COMSOL18,
    author = {{Multiphysics Cyclopedia}},
    title = {Eigenfrequency Analysis},
    date = {2018-05-08},
    organization = {COMSOL Multiphysics},
    url = {https://www.comsol.com/multiphysics/eigenfrequency-analysis},
    urldate = {2019-10-06}
}

@book{
    bib:Courant53,
    author = {Courant, Richard and Hilbert, David},
    title = {Methods of Mathematical Physics},
    volume = {1},
    year = {1953},
    publisher = {Interscience Publishers, Inc.},
    location = {New York},
    isbn = {047017952X}
}

@online{
    bib:Benguria11,
    author = {Donoso Benguria, Rafael},
    title = {Dirichlet Eigenvalue},
    organization = {Encyclopedia of Mathematics},
    url = {https://www.encyclopediaofmath.org/index.php/Dirichlet_eigenvalue},
    urldate = {2019-09-29}
}

@article{
    bib:Eidolon17,
    author = {Eidolon, Katrina and Oman, Greg},
    title = {A Short Proof of the Bolzano-Weierstrass Theorem},
    journaltitle = {The College Mathematics Journal},
    year = {2017},
    month = {09},
    volume = {48},
    number = {4},
    pages = {288-289},
    doi = {10.4169/college.math.j.48.4.288}
}

@misc{
    bib:Fattah18,
    author = {Fattah, Zakaria and Berrada, Mohamed},
    title = {Eigenvalues of Dirichlet Laplacian within the Class of Open Sets with Constant Diameter},
    date = {2018-01-12},
    eprint = {1801.04133},
    eprinttype = {arXiv},
    eprintclass = {math.SP},
    urldate = {2019-10-04}
}

@article{
    bib:Harris87,
    author = {Harris, Gary and Martin, Clyde},
    title = {The Roots of a Polynomial Vary Continuously as a Function of the Coefficients},
    journaltitle = {Proceedings of the American Mathematical Society},
    year = {1987},
    month = {06},
    volume = {100},
    number = {2},
    pages = {390-392},
    doi = {10.1090/S0002-9939-1987-0884486-8}
}

@manual{
    bib:Hecht19,
    autor = {Hecht, Frederic},
    title = {FreeFEM Documentation},
    subtitle = {Release 4.2.1},
    edition = {4},
    date = {2019-12-18},
    url = {https://doc.freefem.org/introduction/index.html},
    urldate = {2019-12-19}
}

@article{
    bib:Laugesen10,
    author = {Laugesen, Richard S. and Siudeja, Bart{\l}omiej},
    title = {Dirichlet Eigenvalue Sums on Triangles Are Minimal for Equilaterals},
    journaltitle = {Communications in Analysis and Geometry},
    year = {2011},
    month = {06},
    volume = {19},
    number = {5},
    pages = {855-885},
    doi = {10.4310/CAG.2011.v19.n5.a2}
}

@misc{
    bib:Mills17,
    author = {Mills, Kyle and Spanner, Michael and Tamblyn, Isaac},
    title = {Deep Learning and the Schr\"{o}dinger Equation},
    date = {2017-11-06},
    eprint = {1702.01361},
    eprinttype = {arXiv},
    eprintclass = {cond-mat.mtrl-sci},
    doi = {10.1103/PhysRevA.96.042113},
    urldate = {2019-10-04}
}

@article{
    bib:Nica13,
    author = {Nica, Bogdan},
    title = {The Mazur-Ulam Theorem},
    journaltitle = {Expositiones Mathematicae},
    date = {2013-06-12},
    volume = {30},
    number = {4},
    pages = {397-398},
    doi = {10.1016/j.exmath.2012.08.010}
}

@article{
    bib:Reuter09,
    author = {Reuter, Martin and Wolter, Franz-Erich and Shenton, Martha and Niethammer, Marc},
    title = {Laplace-Beltrami Eigenvalues and Topological Features of Eigenfunctions for Statistical Shape Analysis},
    journaltitle = {Computer-Aided Design},
    date = {2009-10-01},
    volume = {41},
    number = {10},
    pages = {739-755},
    doi = {10.1016/j.cad.2009.02.007}
}

@article{
    bib:Siudeja08,
    author = {Siudeja, Bart{\l}omiej},
    title = {Isoperimetric Inequalities for Eigenvalues of Triangles},
    journaltitle = {Indiana University Mathematics Journal},
    year = {2010},
    month = {08},
    volume = {59},
    number = {3},
    pages = {1097-1120},
    doi = {10.1112/blms/12.1.34}
}

@article{
    bib:Tverberg80,
    author = {Tverberg, Helge},
    title = {A Proof of the Jordan Curve Theorem},
    journaltitle = {Bulletin of the London Mathematical Society},
    year = {1980},
    month = {01},
    volume = {12},
    number = {1},
    pages = {34-38},
    doi = {10.1112/blms/12.1.34}
}

@online{
    bib:Weisstein_curve_orientation,
    author = {Weisstein, Eric Wolfgang},
    title = {Curve orientation},
    organization = {Wolfram MathWorld},
    url = {http://mathworld.wolfram.com/CurveOrientation.html},
    urldate = {2019-12-15}
}

@online{
    bib:Weisstein_polygon,
    author = {Weisstein, Eric Wolfgang},
    title = {Polygon},
    organization = {Wolfram MathWorld},
    url = {http://mathworld.wolfram.com/Polygon.html},
    urldate = {2019-10-11}
}

@book{
    bib:Zepic91,
    author = {\v{Z}epi\'{c}, Milan},
    sortname = {Zzzepi\'{c}, Milan},
    editor = {family=Tomljenovi\'{c}-Bi\v{s}kupi\'{c}, given=Ljerka, given-i={Lj}},
    title = {Latinsko-hrvatski rjeƒçnik},
    edition = {11},
    year = {1991},
    publisher = {\v{S}kolska knjiga},
    location = {Zagreb},
    isbn = {860300370X}
}

%%  Primjeri iz Pravilnika o diplomskom radu.

%@online{
%    bib:cervone11,
%    author = {Cervone, Davide P.},
%    title = {jsMath},
%    url = {http://www.math.union.edu/~dpvc/jsmath/},
%    urlyear = {2011},
%    urlmonth = {1},
%    keywords = {example}
%}

%@book{
%    bib:kraljevic86,
%    author = {Kraljevi\'{c}, Hrvoje and Kurepa, Svetozar},
%    title = {Matemati\v{c}ka analiza \ensuremath{\numprint{4}}},
%    subtitle = {Funkcije kompleksne varijable},
%    year = {1986},
%    publisher = {Tehni\v{c}ka knjiga},
%    location = {Zagreb},
%    keywords = {example}
%}

%@article{
%    bib:mardesic71,
%    author = {Marde\v{s}i\'{c}, Sibe and Segal, Jack},
%    title = {Shapes of Compacta and ANR-Systems},
%    journaltitle = {Fundamenta Mathematicae},
%    year = {1971},
%    volume = {72},
%    pages = {41-59},
%    keywords = {example}
%}

%@inproceedings{
%    bib:watson83,
%    author = {Watson, George Alistair},
%    editor = {Chui, Chun-Kit and Schumaker, Larry Lee and Ward, Joseph Dinneen},
%    title = {The Total Approximation Problem},
%    booktitle = {Approximation Theory IV},
%    year = {1983},
%    publisher = {Academic Press},
%    location = {New York},
%    pages = {723-728},
%    keywords = {example}
%}
